% -*-bibliografia.bib-*-
% Este fichero es parte de la plantilla LaTeX para
% la realización de Proyectos Final de Carrera, protejido
% bajo los términos de la licencia GFDL.
% Para más información, la licencia completa viene incluida en el
% fichero fdl-1.3.tex

@Book{atdg11,
  author = 	 {Leif Madsen, Jim Van Meggelen y Russell Bryant},
  title = 	 {Asterisk The Definitive Guide},
  publisher = 	 {O'Reilly Media},
  year = 	 {2011}
}

@MISC{website:asterisk,
      AUTHOR = "Digium Inc.",
      title = "{Pagina oficial de Asterisk}",
      HOWPUBLISHED = "\url{http://www.asterisk.org}"
}

@MISC{website:voipinfo,
AUTHOR = "{VOIP-Info LCC}",
title = "{Wiki sobre VoIP en Inglés}",
HOWPUBLISHED = "\url{http://www.voip-info.org}"
}

@MISC{pdf:hierbas,
AUTHOR = "Manual de Asterisk y otras hierbas.",
title = "{Creación de ficheros \LaTeX{} con GNU Emacs}",
HOWPUBLISHED = "\url{https://forja.rediris.es/docman/view.php/555/854/Intro-asterisk-uca.pdf}"
}